@InProceedings{ combinedttp,
	author = "Kelly Easton and George L. Nemhauser and Michael A. Trick",
	title = "Solving the Travelling Tournament Problem: A Combined Integer Programming and Constraint Programming Approach",
	booktitle = "PATAT",
	year = "2002",
	pages = "100--112",
	ee = "http://springerlink.metapress.com/openurl.asp?genre=article{\&}issn=0302-9743{\&}volume=2740{\&}spage=100",
	bibsource = "DBLP, http://dblp.uni-trier.de"
}

@InProceedings{ constraintscheduling,
	author = "Michael A. Trick",
	title = "Integer and Constraint Programming Approaches for Round-Robin Tournament Scheduling",
	booktitle = "PATAT",
	year = "2002",
	pages = "63--77",
	ee = "http://springerlink.metapress.com/openurl.asp?genre=article{\&}issn=0302-9743{\&}volume=2740{\&}spage=63",
	bibsource = "DBLP, http://dblp.uni-trier.de"
}

@InProceedings{ paper2,
	author = "Pascal {Van Hentenryck} and Yannis Vergados",
	title = "Traveling Tournament Scheduling: A Systematic Evaluation of Simulated Annealing",
	booktitle = "CPAIOR",
	year = "2006",
	pages = "228--243",
	bibsource = "DBLP, http://dblp.uni-trier.de",
	ee = "http://dx.doi.org/10.1007/11757375\\\\\\\\\\\\\\\\\_19"
}

@Article{ paper,
	author = "Aris Anagnostopoulos and Laurent Dominique Michel and Pascal {Van Hentenryck} and Yannis Vergados",
	title = "A simulated annealing approach to the traveling tournament problem",
	journal = "Journal of Scheduling",
	year = "2006",
	volume = "9",
	pages = "177--193",
	affiliation = "Brown University Box 1910 Providence RI 02912 Box 1910 Providence RI 02912",
	doi = "http://dx.doi.org/10.1007/s10951-006-7187-8",
	issn = "1094-6136",
	issue = "2",
	keyword = "Computer Science",
	publisher = "Springer Netherlands"
}

@Book{ metaheuristics,
	title = "Metaheuristics for Hard Optimization: Methods and Case Studies",
	publisher = "Springer-Verlag",
	year = "2006",
	author = "Johann Dr{\'e}o and Alain P{\'e}trowski and Eric Taillard",
	pages = "369",
	owner = "Li",
	timestamp = "2011.03.13"
}

@InProceedings{ ttp,
	author = "Kelly Easton and George Nemhauser and Michael Trick",
	title = "The Traveling Tournament Problem Description and Benchmarks",
	booktitle = "Proceedings of the 7th International Conference on Principles and Practice of Constraint Programming",
	year = "2001",
	volume = "2239",
	pages = "580--584"
}

@Article{ simulatedannealing,
	author = "Scott Kirkpatrick and Jr. D. Gelatt and Mario P. Vecchi",
	title = "Optimization by Simulated Annealing",
	journal = "Science",
	year = "1983",
	volume = "220",
	pages = "671--680",
	number = "4598"
}

@Article{ betterneighborhood,
	author = "Glenn Langford",
	title = "An Improved Neighbourhood for the Traveling Tournament Problem",
	journal = "CoRR",
	year = "2010",
	volume = "abs/1007.0501",
	pages = "1--12"
}

@Article{ parallelSA,
	author = {Esin Onba\c{s}o\u{g}lu and Linet {\"O}zdamar},
	title = "Parallel Simulated Annealing Algorithms in Global Optimization",
	journal = "Journal of Global Optimization",
	year = "2001",
	volume = "19",
	pages = "27--50",
	month = "January",
	acmid = "596346",
	address = "Hingham, MA, USA",
	doi = "10.1023/A:1008350810199",
	issn = "0925-5001",
	issue = "1",
	keywords = "Global optimization, Parallel simulated annealing",
	numpages = "24",
	publisher = "Kluwer Academic Publishers",
	url = "http://portal.acm.org/citation.cfm?id=596088.596346"
}

@Article{ parallelSA2,
	author = "D. Janaki Ram and T. H. Sreenivas and K. Ganapathy Subramaniam",
	title = "Parallel simulated annealing algorithms",
	journal = "Journal of Parallel and Distributed Computing",
	year = "1996",
	volume = "37",
	pages = "207--212",
	month = "September",
	acmid = "241836",
	address = "Orlando, FL, USA",
	doi = "10.1006/jpdc.1996.0121",
	issn = "0743-7315",
	issue = "2",
	numpages = "6",
	publisher = "Academic Press, Inc.",
	url = "http://portal.acm.org/citation.cfm?id=241803.241836"
}

@InProceedings{ heuristicApproach,
	author = "Frederick Ryckbosch and Greet {Vanden Berghe} and Graham Kendall",
	title = "A Heuristic Approach for the Travelling Tournament Problem using Optimal Travelling Salesman Tours",
	booktitle = "Proceedings of the 7th international conference on practice and theory of automated timetabling ",
	year = "2008"
}

@Manual{ matlab,
	title = "Techniques for Improving Performance",
	author = "{The MathWorks, Inc.}",
	year = "2011",
	note = "\url{http://www.mathworks.com/help/techdoc/matlab_prog/f8-784135.html}"
}

@Misc{ website,
	author = "Michael Trick",
	title = "Challenge Traveling Tournament Problems",
	year = "2011",
	note = "\url{http://mat.gsia.cmu.edu/TOURN/}"
}

@InProceedings{ populationSA,
	author = "Pascal {Van Hentenryck} and Yannis Vergados",
	title = "Population-based simulated annealing for traveling tournaments",
	booktitle = "Proceedings of the 22nd national conference on Artificial intelligence",
	volume = 1,
	year = "2007",
	isbn = "978-1-57735-323-2",
	location = "Vancouver, British Columbia, Canada",
	pages = "267--272",
	numpages = "6",
	url = "http://portal.acm.org/citation.cfm?id=1619645.1619688",
	acmid = "1619688",
	publisher = "AAAI Press"
}

@Article{ hybrid,
	author = "Brian Rodrigues and A. Lim and B. Rodrigues and X. Zhang",
	title = "A simulated annealing and hill-climbing algorithm for the traveling tournament problem",
	journal = "European Journal of Operational Research",
	year = "2006",
	volume = "174",
	pages = "1459--1478"
}

@InProceedings{ distributedSA,
	author = {R. Diekmann and R. L{\"u}ling and J. Simon},
	title = "Problem Independent Distributed Simulated Annealing and Its Applications",
	booktitle = "Applications, Applied Simulated Annealing, Lecture Notes in Economics and Mathematical Systems, Springer LNEMS 396",
	year = "1993",
	pages = "17--44",
	publisher = "Springer"
}

@Unpublished{ ttpquan,
	title = "Simulated Annealing voor {TTP} ({TTSA})",
	author = "Li Quan and Philippe Tanghe",
	year = "2011",
	note = "Capita Selecta AI: Task 1"
}

@Book{ shapiro,
	title = "Lectures on stochastic programming: modeling and theory",
	series = "{MPS/SIAM} {Series} on {Optimization}",
	author = "Alexander Shapiro and Darinka Dentcheva and Ruszczy{\'n}ski Andrzej",
	publisher = "SIAM",
	volume = "9",
	year = "2009"
}

@InProceedings{ Furer:2008:ACE:1429791.1429826,
	author = {Martin F{\"u}rer and Shiva {Prasad Kasiviswanathan}},
	title = "Approximately Counting Embeddings into Random Graphs",
	booktitle = "Proceedings of the 11th international workshop, APPROX 2008, and 12th international workshop, RANDOM 2008 on Approximation, Randomization and Combinatorial Optimization: Algorithms and Techniques",
	series = "APPROX '08 / RANDOM '08",
	year = "2008",
	isbn = "978-3-540-85362-6",
	location = "Boston, MA, USA",
	pages = "416--429",
	numpages = "14",
	url = "http://dx.doi.org/10.1007/978-3-540-85363-3_33",
	doi = "http://dx.doi.org/10.1007/978-3-540-85363-3\\\\\\\\\\\\\\\\\\_33",
	acmid = "1429826",
	publisher = "Springer-Verlag",
	address = "Berlin, Heidelberg"
}

@Article{ DBLP:journals/cpc/Riordan00,
	author = "Oliver Riordan",
	title = "Spanning Subgraphs Of Random Graphs",
	journal = "Combinatorics, Probability {\&} Computing",
	volume = "9",
	number = "2",
	year = "2000",
	pages = "125--148",
	ee = "http://journals.cambridge.org/action/displayAbstract?aid=46773",
	bibsource = "DBLP, http://dblp.uni-trier.de"
}

@Article{ gilbert,
	title = "Random Graphs",
	author = "Edgar Gilbert",
	journal = "Annals of Mathematical Statistics",
	pages = "1141--1144",
	volume = "30",
	year = "1959"
}

@Article{ Erdos1959,
	author = "P. Erd\H{o}s and A. R{\'e}nyi",
	citeulike-article-id = "2547689",
	journal = "Publ. Math. Debrecen",
	keywords = "bibtex-import, network",
	mrnumber = "MR0120167 (22 \#10924)",
	pages = "290--297",
	posted-at = "2008-03-17 20:32:11",
	priority = "2",
	title = "On random graphs. {I}",
	volume = "6",
	year = "1959"
}

@Unpublished{ furerquan,
	title = {Investigate parameters of {F{\"u}rer's algorithm}},
	author = "Li Quan",
	year = "2011",
	note = "Capita Selecta AI: Task 3"
}

@Unpublished{ cpquan,
	title = "Regel-gebaseerde regressie",
	author = "Li Quan and Philippe Tanghe",
	year = "2011",
	note = "Capita Selecta AI: Task 2"
}

@InCollection{ Neumann1,
	AUTHOR = {G{\"u}nter Neumann},
	TITLE = "{Programming Languages} in {A}rtificial {I}ntelligence",
	YEAR = "2002",
	BOOKTITLE = "Encyclopedia of {Information Systems}",
	EDITOR = "Bentley and Bidgoli",
	ADDRESS = "San Diego",
	PUBLISHER = "Academic Press",
	URL = "http://www.dfki.de/~neumann/publications/new-ps/ai-pgr.pdf",
	ANNOTE = "COLIURL : Neumann:2002:PLA.pdf"
}

@InProceedings{ Benoist01lagrangerelaxation,
	author = "Thierry Benoist and Fran\c{c}ois Laburthe and Beno{\^i}t Rottembourg",
	title = "Lagrange Relaxation and Constraint Programming Collaborative Schemes for Travelling Tournament Problems",
	booktitle = "In CP-AI-OR'2001, Wye College",
	year = "2001",
	pages = "15--26"
}

@InProceedings{ cp4im_aaai10_nectar,
	author = "Luc {De Raedt} and Tias Guns and Siegfried Nijssen",
	title = "Constraint Programming for Data Mining and Machine Learning",
	booktitle = "AAAI",
	year = "2010",
	pages = "1671--1675"
}

@Article{ problog,
	author = "Angelika Kimmig and Bart Demoen and Luc {De Raedt} and {V{\'I}tor Santos} Costa and Ricardo Rocha",
	title = "On the implementation of the probabilistic logic programming language {Problog}",
	journal = "Theory Pract. Log. Program.",
	issue_date = "March 2011",
	volume = "11",
	issue = "2-3",
	issn = "1471-0684",
	pages = "235--262",
	numpages = "28",
	url = "http://dx.doi.org/10.1017/S1471068410000566",
	doi = "http://dx.doi.org/10.1017/S1471068410000566",
	acmid = "1972949",
	publisher = "Cambridge University Press",
	address = "New York, NY, USA",
	keywords = "Exact and approximative inference, Implementation, Probabilistic logic programming"
}

@Article{ golog,
	author = "Hector J. Levesque and Raymond Reiter and Yves Lesp{\'e}rance and Fangzhen Lin and Richard B. Scherl",
	title = "GOLOG: A Logic Programming Language for Dynamic Domains",
	journal = "Journal of Logic Programming",
	year = "1997",
	volume = "31"
}

@Article{ progai,
	author = "Daniel G. Bobrow and Bertram Raphael",
	title = "New Programming Languages for Artificial Intelligence Research",
	journal = "ACM Comput. Surv.",
	volume = "6",
	issue = "3",
	month = "September",
	year = "1974",
	issn = "0360-0300",
	pages = "153--174",
	numpages = "22",
	url = "http://doi.acm.org/10.1145/356631.356632",
	doi = "http://doi.acm.org/10.1145/356631.356632",
	acmid = "356632",
	publisher = "ACM",
	address = "New York, NY, USA"
}

@InProceedings{ dtproblog,
	title = "{DTProbLog: A Decision-Theoretic Probabilistic Prolog}",
	author = "Guy {Van den Broeck} and Ingo Thon and Martijn Van Otterlo and Luc De Raedt",
	year = "2010",
	doi = "http://www.aaai.org/ocs/index.php/AAAI/AAAI10/paper/view/1695",
	tags = "Prolog",
	researchr = "http://researchr.org/publication/BroeckTOR10",
	cites = "0",
	citedby = "0",
	booktitle = "Proceedings of the Twenty-Fourth AAAI Conference on Artificial Intelligence, AAAI 2010, Atlanta, Georgia, USA, July 11--15, 2010",
	editor = "Maria Fox and David Poole",
	publisher = "AAAI Press"
}

@InProceedings{ cplogic,
	author = "Joost Vennekens and Sofie Verbaeten and Maurice Bruynooghe",
	title = "Logic programs with annotated disjunctions",
	booktitle = "In Proc. Int'l Conf. on Logic Programming",
	year = "2004",
	pages = "431--445",
	publisher = "Springer"
}

@Misc{ wiki:survo,
	author = "Wikipedia",
	title = "Survo Puzzle --- {W}ikipedia{,} The Free Encyclopedia",
	year = "2011",
	note = "\url{http://en.wikipedia.org/wiki/Survo_Puzzle} [last accessed: May 31, 2011]"
}

@Misc{ survo,
	author = "Seppo Mustonen",
	title = "On certain cross sum puzzles",
	year = "2006"
}

@Misc{opensurvo,
	author = "Seppo Mustonen",
 	title = "Enumeration of uniquely solvable open {Survo} puzzles",
	year = "2007"
}
