@InProceedings{ sudoku_constraint,
	title = "Sudoku as a Constraint Problem ",
	booktitle = "Modelling Workshop CP2005",
	author = "Helmut Simonis",
	year = "2005"
}

@Article{ sudokusa,
	author = "Rhyd Lewis",
	title = "Metaheuristics can solve {S}udoku puzzles",
	journal = "Journal of Heuristics",
	volume = "13",
	issue = "4",
	month = "August",
	year = "2007",
	issn = "1381-1231",
	pages = "387--401",
	numpages = "15",
	url = "http://portal.acm.org/citation.cfm?id=1285514.1285516",
	doi = "10.1007/s10732-007-9012-8",
	acmid = "1285516",
	publisher = "Kluwer Academic Publishers",
	address = "Hingham, MA, USA",
	keywords = "Metaheuristics, Phase-transition, Puzzles, Sudoku"
}

@InProceedings{ satsudoku,
	author = {In{\^e}s Lynce and Jo{\"e}l Ouaknine},
	title = "Sudoku as a {SAT} Problem",
	booktitle = "Proceedings of the 9th International Symposium on Artificial Intelligence and Mathematics, AIMATH 2006, Fort Lauderdale",
	year = "2006",
	publisher = "Springer"
}

@Article{ paper_still,
	author = "Robert Bosch and Michael Trick",
	title = "Constraint Programming and Hybrid Formulations for {Life}",
	journal = "CP'01",
	year = "2001",
	note = "Workshop on Modelling and Problem Formulation (Formul â€™01) ",
	masid = "103296"
}

@Article{ paper_still2,
	author = "Robert Bosch and Michael Trick",
	affiliation = "Department of Mathematics Oberlin College Oberlin OH USA",
	title = "Constraint Programming and Hybrid Formulations for Three Life Designs",
	journal = "Annals of Operations Research",
	publisher = "Springer Netherlands",
	issn = "0254-5330",
	keyword = "Computer Science",
	pages = "41--56",
	volume = "130",
	issue = "1",
	url = "http://dx.doi.org/10.1023/B:ANOR.0000032569.86938.2f",
	note = "10.1023/B:ANOR.0000032569.86938.2f",
	year = "2004"
}

@Article{ bdd,
	author = "Kenil Cheng and Roland Yap",
	affiliation = "National University of Singapore, School of Computing 3 Science Drive 2 Singapore Singapore",
	title = "Applying Ad-hoc Global Constraints with the \texttt{case} Constraint to Still-Life",
	journal = "Constraints",
	publisher = "Springer Netherlands",
	issn = "1383-7133",
	keyword = "Computer Science",
	pages = "91--114",
	volume = "11",
	issue = "2",
	url = "http://dx.doi.org/10.1007/s10601-006-8058-9",
	note = "10.1007/s10601-006-8058-9",
	year = "2006"
}

@Misc{ wiki:sudoku,
	author = "Wikipedia",
	title = "Sudoku --- {W}ikipedia{,} The Free Encyclopedia",
	year = "2011",
	note = "\url{http://en.wikipedia.org/wiki/Sudoku} [last accessed: May 30, 2011]"
}

@Misc{ wikihaskell:sudoku,
	author = "Haskell",
	title = "Sudoku --- Haskell Wiki",
	year = "2011",
	note = "\url{http://www.haskell.org/haskellwiki/Sudoku} [last accessed: May 30, 2011]"
}

@Misc{ diabolical,
	author = "{Sudoku of the day}",
	title = "Diabolical puzzle for Saturday 21st May",
	year = "2011",
	note = "\url{http://www.sudokuoftheday.com/pages/s-o-t-d.php?day=7&level=5} [last accessed: May 30, 2011]"
}

@Misc{ platinum,
	author = "{tarek}",
	title = "The hardest {Sudoku's}",
	year = "2011",
	note = "\url{http://forum.enjoysudoku.com/the-hardest-sudokus-new-thread-t6539.html} [last accessed: May 30, 2011]"
}

@Misc{ sudokualt,
	author = "Andreas Rossberg",
	title = "Alice constraint tutorial. Sudoku viewpoints.",
	year = "2011",
	note = "\url{http://www.ps.uni-saarland.de/alice/manual/cptutorial/node20.html} [last accessed: May 31, 2011]"
}

@InProceedings{ upperbound,
	author = "Geoffrey Chu and Peter J. Stuckey and Maria Garcia {De La Banda}",
	title = "Using relaxations in maximum density still life",
	booktitle = "Proceedings of the 15th international conference on Principles and practice of constraint programming",
	series = "CP'09",
	year = "2009",
	isbn = "3-642-04243-0, 978-3-642-04243-0",
	location = "Lisbon, Portugal",
	pages = "258--273",
	numpages = "16",
	url = "http://portal.acm.org/citation.cfm?id=1788994.1789019",
	acmid = "1789019",
	publisher = "Springer-Verlag",
	address = "Berlin, Heidelberg",
	note = "\url{http://ww2.cs.mu.oz.au/~pjs/still-life/} [last accessed: May 31, 2011]"
}

@article{integersudoku,
 Author = "Andrew Bartrlett and Tim Chartier and Amy Langville and Timothy Rankin", Title = {An Integer Programming Model for the Sudoku Problem}, Journal = {J. Online Math. \& Its Appl.}, Volume = {8}, Number = {May 2008} , Year = {2008} }